<record><leader>00000cas a22000007a 4500</leader><controlfield tag="001">14978540</controlfield><controlfield tag="008">861216d18701871iauwr ne      0    0eng d</controlfield><datafield ind1=" " ind2=" " tag="010"><subfield code="a">sn 86061212 </subfield></datafield><datafield ind1=" " ind2=" " tag="040"><subfield code="a">INP</subfield><subfield code="b">eng</subfield><subfield code="c">INP</subfield><subfield code="d">OCLCQ</subfield></datafield><datafield ind1=" " ind2=" " tag="042"><subfield code="a">msc</subfield></datafield><datafield ind1="0" ind2="0" tag="245"><subfield code="a">Allamakee Democrat.</subfield></datafield><datafield ind1="1" ind2="3" tag="246"><subfield code="a">Allamakee weekly Democrat</subfield></datafield><datafield ind1=" " ind2=" " tag="260"><subfield code="a">Lansing, Allamakee County, Iowa :</subfield><subfield code="b">Robert V. Shurly,</subfield><subfield code="c">1870-1871.</subfield></datafield><datafield ind1=" " ind2=" " tag="300"><subfield code="a">1 v.</subfield></datafield><datafield ind1=" " ind2=" " tag="310"><subfield code="a">Weekly</subfield></datafield><datafield ind1="0" ind2=" " tag="362"><subfield code="a">Vol. 4, no. 1 (Sept. 13, 1870)-v. 4, no. 52 (Oct. 25, 1871) = Whole no. 208-whole no. 257.</subfield></datafield><datafield ind1=" " ind2=" " tag="515"><subfield code="a">Occasional issues misnumbered.</subfield></datafield><datafield ind1=" " ind2=" " tag="752"><subfield code="a">United States</subfield><subfield code="b">Iowa</subfield><subfield code="c">Allamakee</subfield><subfield code="d">Lansing.</subfield></datafield><datafield ind1="0" ind2="0" tag="785"><subfield code="t">Lansing patriot</subfield><subfield code="w">(DLC)sn 86061219</subfield></datafield></record>